<?xml version="1.0" encoding="UTF-8"?><collection xmlns="http://www.loc.gov/MARC21/slim"><record><leader>00462nam--2200157-i-4500</leader><controlfield tag="001">000014051</controlfield><controlfield tag="002">20161230</controlfield><controlfield tag="005">20170115221012</controlfield><controlfield tag="008">060222s1000------------r-----000-0-eng-d</controlfield><datafield ind1=" " ind2=" " tag="080"><subfield code="a">621.375.826(043)</subfield></datafield><datafield ind1=" " ind2=" " tag="100"><subfield code="a">Chaumat, Jean Pierre</subfield></datafield><datafield ind1=" " ind2=" " tag="245"><subfield code="a">Etude de l emission laser de la molecule s2,en tre 350 et 480 nm excitee au moyen d un laser n2</subfield><subfield code="b">these</subfield></datafield><datafield ind1=" " ind2=" " tag="260"><subfield code="a">Orleans</subfield><subfield code="b">Universite</subfield><subfield code="c">1979</subfield></datafield><datafield ind1=" " ind2=" " tag="300"><subfield code="a">134 p</subfield></datafield><datafield ind1=" " ind2=" " tag="852"><subfield code="a">49716</subfield></datafield><datafield ind1=" " ind2=" " tag="CAT"><subfield code="a">SYS</subfield><subfield code="c">20170115</subfield><subfield code="h">221012</subfield></datafield></record></collection>